@book{suyu,
  author         = {苏禹},
  editor         = {},
  publisher      = {},
  title          = {统计力学笔记},
  year           = {2022}
}
@book{Pathria,
  author         = {Pathria},
  editor         = {},
  publisher      = {高等教育出版社},
  title          = {统计力学：第三版},
  year           = {2017}
}
@book{lan,
  author         = {朗道},
  editor         = {},
  publisher      = {高等教育出版社},
  title          = {统计物理学I},
  year           = {2011}
}
@book{liang,
  author         = {梁昆淼},
  editor         = {},
  publisher      = {高等教育出版社},
  title          = {力学（下册）理论力学},
  year           = {}
}
@book{pan,
  author         = {潘海俊},
  editor         = {},
  publisher      = {中国科学技术大学出版社},
  title          = {理论力学导论},
  year           = {2022}
}
@book{zheng,
  author          = {郑纪鸣},
  journal         = {},
  number          = {},
  title           = {统计力学基础},
  year            = {2021}
}